<?xml version="1.0" encoding="UTF-8"?><collection xmlns="http://www.loc.gov/MARC21/slim"><record><leader>00432nam--2200145-i-4500</leader><controlfield tag="001">000009743</controlfield><controlfield tag="002">20161230</controlfield><controlfield tag="005">20161230201028</controlfield><controlfield tag="008">060222s1000------------r-----000-0-eng-d</controlfield><datafield ind1=" " ind2=" " tag="080"><subfield code="a">658</subfield></datafield><datafield ind1=" " ind2=" " tag="100"><subfield code="a">Benjamin, Robert I</subfield></datafield><datafield ind1=" " ind2=" " tag="245"><subfield code="a">Control of the information system development cycle</subfield></datafield><datafield ind1=" " ind2=" " tag="260"><subfield code="a">New York, Wiley-interscience, 1971. Xvii + 94 P</subfield></datafield><datafield ind1=" " ind2=" " tag="490"><subfield code="a">The Wiley Communigraph Series On Business Data Processing</subfield></datafield><datafield ind1=" " ind2=" " tag="852"><subfield code="a">35213</subfield></datafield></record></collection>